<?xml version="1.0" encoding="UTF-8"?><collection xmlns="http://www.loc.gov/MARC21/slim"><record><leader>00456nam--2200145-i-4500</leader><controlfield tag="001">000043345</controlfield><controlfield tag="002">20161230</controlfield><controlfield tag="005">20161230201044</controlfield><controlfield tag="008">060222s1000------------r-----000-0-eng-d</controlfield><datafield ind1=" " ind2=" " tag="040"><subfield code="a">IFIN-HH</subfield></datafield><datafield ind1=" " ind2=" " tag="080"><subfield code="a">517.944:518.2:061.3</subfield></datafield><datafield ind1=" " ind2=" " tag="245"><subfield code="a">Symposium on the numerical treatment of ordinary diff.equations, integral and integro-differential equations</subfield></datafield><datafield ind1=" " ind2=" " tag="260"><subfield code="a">BASEL, BIRKHAUSER VERLAG, 1960. 679 p</subfield></datafield><datafield ind1=" " ind2=" " tag="852"><subfield code="a">17086</subfield><subfield code="c">518.12</subfield></datafield><datafield ind1=" " ind2=" " tag="CAT"><subfield code="a">Sys</subfield><subfield code="c">20090630</subfield><subfield code="h">092154</subfield></datafield></record></collection>